@article{zeilinger_experiment_1999,
	title = {Experiment and the foundations of quantum physics},
	volume = {71},
	issn = {0034-6861, 1539-0756},
	url = {https://link.aps.org/doi/10.1103/RevModPhys.71.S288},
	doi = {10.1103/RevModPhys.71.S288},
	number = {2},
	urldate = {2022-01-23},
	journal = {Reviews of Modern Physics},
	author = {Zeilinger, Anton},
	month = mar,
	year = {1999},
	pages = {S288--S297},
}
